<?xml version="1.0" encoding="UTF-8"?><record xmlns="http://www.loc.gov/MARC21/slim" xmlns:cinclude="http://apache.org/cocoon/include/1.0" xmlns:zs="http://www.loc.gov/zing/srw/">
  <leader>01770nz  a2200241n  4500</leader>
  <controlfield tag="001">no 99047196 </controlfield>
  <controlfield tag="003">DLC</controlfield>
  <controlfield tag="005">19990702053722.2</controlfield>
  <controlfield tag="008">990701n| acannaabn          |a ana     c</controlfield>
  <datafield tag="010" ind1=" " ind2=" ">
    <subfield code="a">no 99047196 </subfield>
  </datafield>
  <datafield tag="035" ind1=" " ind2=" ">
    <subfield code="a">(OCoLC)oca05018938 </subfield>
  </datafield>
  <datafield tag="040" ind1=" " ind2=" ">
    <subfield code="a">WyU</subfield>
    <subfield code="c">WyU</subfield>
  </datafield>
  <datafield tag="110" ind1="2" ind2=" ">
    <subfield code="a">University of Wyoming.</subfield>
    <subfield code="b">University School and Educational Center</subfield>
  </datafield>
  <datafield tag="410" ind1="2" ind2=" ">
    <subfield code="a">University of Wyoming.</subfield>
    <subfield code="b">University School and Wyoming Educational Center</subfield>
  </datafield>
  <datafield tag="410" ind1="2" ind2=" ">
    <subfield code="a">University of Wyoming.</subfield>
    <subfield code="b">College of Education.</subfield>
    <subfield code="b">University School and Educational Center</subfield>
  </datafield>
  <datafield tag="410" ind1="2" ind2=" ">
    <subfield code="a">University of Wyoming.</subfield>
    <subfield code="b">Prep</subfield>
  </datafield>
  <datafield tag="410" ind1="2" ind2=" ">
    <subfield code="a">University of Wyoming.</subfield>
    <subfield code="b">University School (1973-1985)</subfield>
  </datafield>
  <datafield tag="510" ind1="2" ind2=" ">
    <subfield code="w">a</subfield>
    <subfield code="a">University of Wyoming.</subfield>
    <subfield code="b">University Elementary School</subfield>
  </datafield>
  <datafield tag="510" ind1="2" ind2=" ">
    <subfield code="w">b</subfield>
    <subfield code="a">University of Wyoming.</subfield>
    <subfield code="b">University School</subfield>
  </datafield>
  <datafield tag="670" ind1=" " ind2=" ">
    <subfield code="a">Brainstorm, 1974-19uu:</subfield>
    <subfield code="b">Jan., 1974 t.p. (University School and Educational Center, the University of Wyoming) p. i (University School; Prep) p. ii (University School and Educational Center, College of Education, University of Wyoming) Jan., 1979 t.p. (University School and Educational Center, the University of Wyoming) p. i (University School and Wyoming Educational Center) p.4 of cover (University School, College of Education, University of Wyoming)</subfield>
  </datafield>
  <datafield tag="670" ind1=" " ind2=" ">
    <subfield code="a">Univ. of Wyo. General catalog, 1967-76:</subfield>
    <subfield code="b">1974/75 p. 72 (The University School; College of Education) p. 75 (The University School and Educational Center, nursery school through grade 9; the University School)</subfield>
  </datafield>
  <datafield tag="670" ind1=" " ind2=" ">
    <subfield code="a">Univ. of Wyo. General bulletin, 1982- :</subfield>
    <subfield code="b">1985/86 p. 97 (University School and Educational Center; College of Education; University School) 1986/87, p. 108 (University School; College of Education)</subfield>
  </datafield>
  <datafield tag="675" ind1=" " ind2=" ">
    <subfield code="a">Univ. of Wyo. general information, March 1965: p. 57 (University Elementary School)</subfield>
  </datafield>
</record>